<?xml version="1.0" encoding="UTF-8"?><collection xmlns="http://www.loc.gov/MARC21/slim"><record><leader>00331nam--2200121-i-4500</leader><controlfield tag="001">000011119</controlfield><controlfield tag="002">20161230</controlfield><controlfield tag="005">20161230201029</controlfield><controlfield tag="008">060222s1000------------r-----000-0-eng-d</controlfield><datafield ind1=" " ind2=" " tag="245"><subfield code="a">Dictionar englez-roman. redactor responsabil: leon levintchi</subfield></datafield><datafield ind1=" " ind2=" " tag="260"><subfield code="a">Bucuresti, Ed.Acad.Rsr, 1974</subfield></datafield><datafield ind1=" " ind2=" " tag="490"><subfield code="a">Xxxii+825p</subfield></datafield><datafield ind1=" " ind2=" " tag="852"><subfield code="a">801.323.2=20=590</subfield></datafield></record></collection>